
@article{davies1979,
	title = {Some power studies of a portmanteau test of time series model specification},
	author = {DAVIES, NEVILLE and NEWBOLD, PAUL},
	year = {1979},
	date = {1979},
	journal = {Biometrika},
	pages = {153--155},
	volume = {66},
	number = {1},
	doi = {10.1093/biomet/66.1.153},
	url = {http://dx.doi.org/10.1093/biomet/66.1.153},
	langid = {en}
}

@article{Raz2011,
author = {Mohd Razali, Nornadiah and Yap, Bee},
year = {2011},
month = {01},
pages = {},
title = {Power Comparisons of Shapiro-Wilk, Kolmogorov-Smirnov, Lilliefors and Anderson-Darling Tests},
volume = {2},
journal = {J. Stat. Model. Analytics}
}

@article{kwiatkowski1992,
	title = {Testing the null hypothesis of stationarity against the alternative of a unit root},
	author = {Kwiatkowski, Denis and Phillips, Peter C.B. and Schmidt, Peter and Shin, Yongcheol},
	year = {1992},
	month = {10},
	date = {1992-10},
	journal = {Journal of Econometrics},
	pages = {159--178},
	volume = {54},
	number = {1-3},
	doi = {10.1016/0304-4076(92)90104-y},
	url = {http://dx.doi.org/10.1016/0304-4076(92)90104-y},
	langid = {en}
}
@book{box2015time,
  title={Time series analysis: forecasting and control},
  author={Box, George EP and Jenkins, Gwilym M and Reinsel, Gregory C and Ljung, Greta M},
  year={2015},
  publisher={John Wiley \& Sons}
}


@article{tsay1984,
	title = {Consistent Estimates of Autoregressive Parameters and Extended Sample Autocorrelation Function for Stationary and Nonstationary ARMA Models},
	author = {Tsay, Ruey S. and Tiao, George C.},
	year = {1984},
	month = {03},
	date = {1984-03},
	journal = {Journal of the American Statistical Association},
	pages = {84--96},
	volume = {79},
	number = {385},
	doi = {10.1080/01621459.1984.10477068},
	url = {http://dx.doi.org/10.1080/01621459.1984.10477068},
	langid = {en}
}

@inbook{brockwell1991a,
	title = {Stationary Time Series},
	author = {Brockwell, Peter J. and Davis, Richard A.},
	year = {1991},
	date = {1991},
	publisher = {Springer New York},
	pages = {1--41},
	doi = {10.1007/978-1-4419-0320-4_1},
	url = {http://dx.doi.org/10.1007/978-1-4419-0320-4_1}
}
